<?xml version="1.0" encoding="UTF-8"?><collection xmlns="http://www.loc.gov/MARC21/slim"><record><leader>00468nam--2200157-i-4500</leader><controlfield tag="001">000049569</controlfield><controlfield tag="002">20161230</controlfield><controlfield tag="005">20161230201047</controlfield><controlfield tag="008">060222s1000------------r-----000-0-eng-d</controlfield><datafield ind1=" " ind2=" " tag="040"><subfield code="a">IFIN-HH</subfield></datafield><datafield ind1=" " ind2=" " tag="080"><subfield code="a">517.928(061.3)</subfield></datafield><datafield ind1="1" ind2=" " tag="100"><subfield code="a">Mitropolskii, Yu. A</subfield></datafield><datafield ind1="1" ind2="0" tag="245"><subfield code="a">Asimptoticheskie metody v teorii nelineinyh kolebanii. trudy vsesoiuznoi konferencii</subfield></datafield><datafield ind1=" " ind2=" " tag="260"><subfield code="a">Kiev, Izdatelstvo Naukova Dumka, 1979, 280s</subfield></datafield><datafield ind1=" " ind2=" " tag="852"><subfield code="a">75534</subfield><subfield code="c">517.9</subfield></datafield><datafield ind1=" " ind2=" " tag="CAT"><subfield code="a">Sys</subfield><subfield code="c">20090513</subfield><subfield code="h">140914</subfield></datafield></record></collection>